<record><leader>01789nam a2200457oi 4500</leader><controlfield tag="001">6774242</controlfield><controlfield tag="003">CaONFJC</controlfield><controlfield tag="005">20141229100535.0</controlfield><controlfield tag="006">m        d        </controlfield><controlfield tag="007">cr||n|||||||||</controlfield><controlfield tag="008">140602s2015    njuab   ob    001 0 eng d</controlfield><datafield ind1=" " ind2=" " tag="020"><subfield code="a">9780691163246 (pbk.)</subfield></datafield><datafield ind1=" " ind2=" " tag="020"><subfield code="a">9781322232041 (MyiLibrary)</subfield></datafield><datafield ind1=" " ind2=" " tag="037"><subfield code="a">654484</subfield><subfield code="b">MIL</subfield></datafield><datafield ind1=" " ind2=" " tag="039"><subfield code="a">exclude</subfield></datafield><datafield ind1=" " ind2=" " tag="040"><subfield code="a">CaONFJC</subfield><subfield code="c">CaONFJC</subfield><subfield code="e">rda</subfield><subfield code="d">AEU</subfield></datafield><datafield ind1=" " ind2=" " tag="043"><subfield code="a">n-us---</subfield></datafield><datafield ind1="0" ind2="4" tag="050"><subfield code="a">JK2357</subfield><subfield code="b">.P55 2015eb</subfield></datafield><datafield ind1="0" ind2="4" tag="082"><subfield code="a">324.2734</subfield><subfield code="2">23</subfield></datafield><datafield ind1=" " ind2=" " tag="090"><subfield code="a">Internet Access</subfield><subfield code="b">AEGMCT</subfield></datafield><datafield ind1=" " ind2=" " tag="091"><subfield code="a">DO NOT ADD TO THIS RECORD - PSA PROJECT</subfield></datafield><datafield ind1="1" ind2=" " tag="100"><subfield code="a">Phillips, Kevin,</subfield><subfield code="d">1940-</subfield><subfield code="e">author.</subfield></datafield><datafield ind1="1" ind2="4" tag="245"><subfield code="a">The emerging Republican majority /</subfield><subfield code="c">Kevin Phillips.</subfield></datafield><datafield ind1=" " ind2=" " tag="250"><subfield code="a">James Madison Library in America Politics edition.</subfield></datafield><datafield ind1=" " ind2="1" tag="264"><subfield code="a">Princeton :</subfield><subfield code="b">Princeton University Press,</subfield><subfield code="c">2015.</subfield></datafield><datafield ind1=" " ind2=" " tag="300"><subfield code="a">1 online resource (xxv, 570 pages) :</subfield><subfield code="b">illustrations, maps</subfield></datafield><datafield ind1=" " ind2=" " tag="336"><subfield code="a">text</subfield><subfield code="b">txt</subfield><subfield code="2">rdacontent</subfield></datafield><datafield ind1=" " ind2=" " tag="337"><subfield code="a">computer</subfield><subfield code="b">c</subfield><subfield code="2">rdamedia</subfield></datafield><datafield ind1=" " ind2=" " tag="338"><subfield code="a">online resource</subfield><subfield code="b">cr</subfield><subfield code="2">rdacarrier</subfield></datafield><datafield ind1="1" ind2=" " tag="490"><subfield code="a">The James Madison library in American politics</subfield></datafield><datafield ind1=" " ind2=" " tag="500"><subfield code="a">With a new preface by the author.</subfield></datafield><datafield ind1=" " ind2=" " tag="504"><subfield code="a">Includes bibliographical references and index.</subfield></datafield><datafield ind1=" " ind2=" " tag="506"><subfield code="a">Access restricted to authorized users and institutions.</subfield></datafield><datafield ind1=" " ind2=" " tag="588"><subfield code="a">Description based on print version record.</subfield></datafield><datafield ind1=" " ind2=" " tag="596"><subfield code="a">57</subfield></datafield><datafield ind1="2" ind2="0" tag="610"><subfield code="a">Republican Party (U.S. : 1854-)</subfield></datafield><datafield ind1=" " ind2="0" tag="651"><subfield code="a">United States</subfield><subfield code="x">Politics and government.</subfield></datafield><datafield ind1=" " ind2="0" tag="830"><subfield code="a">James Madison library in American politics.</subfield></datafield><datafield ind1="4" ind2="0" tag="856"><subfield code="3">MacEwan University Access</subfield><subfield code="u">http://lib.myilibrary.com/detail.asp?ID=654484</subfield><subfield code="z">(Single User Access)</subfield></datafield><datafield ind1=" " ind2=" " tag="949"><subfield code="w">ORDER</subfield><subfield code="h">UAIN</subfield><subfield code="m">GR_MAC_INT</subfield><subfield code="z">MILGMPSA</subfield></datafield><datafield ind1=" " ind2=" " tag="926"><subfield code="a">Internet Access</subfield><subfield code="w">ORDER</subfield><subfield code="c">1</subfield><subfield code="i">6774242-1001</subfield><subfield code="l">INTERNET</subfield><subfield code="m">GR_MAC_INT</subfield><subfield code="r">Y</subfield><subfield code="s">Y</subfield><subfield code="t">E-RESOURCE</subfield><subfield code="u">1/12/2015</subfield><subfield code="x">E-BOOK</subfield><subfield code="z">MILGMPSA</subfield></datafield></record>